<?xml version="1.0" encoding="UTF-8"?><collection xmlns="http://www.loc.gov/MARC21/slim"><record><leader>00385nam--2200121-i-4500</leader><controlfield tag="001">000045387</controlfield><controlfield tag="002">20161230</controlfield><controlfield tag="005">20161230201045</controlfield><controlfield tag="008">060222s1000------------r-----000-0-eng-d</controlfield><datafield ind1=" " ind2=" " tag="245"><subfield code="a">Treatise on analytical chemistry. part iii: analytical chemistry in industry</subfield></datafield><datafield ind1=" " ind2=" " tag="260"><subfield code="a">New York, Wiley-interscience, 1971, Xxiv+597p</subfield></datafield><datafield ind1=" " ind2=" " tag="700"><subfield code="a">Kolthoff,M.,Elving,Philipj.Andstross,Fredh</subfield></datafield><datafield ind1=" " ind2=" " tag="852"><subfield code="a">15965</subfield></datafield></record></collection>